@book{anderson2016introduction,
  title={Introduction to Flight},
  author={Anderson, John David},
  year={2016},
  publisher={McGraw-Hill},
  edition={7th},
}

@article{ANACenflechamento, 
title={Enflechamento},
note={Disponível em: \url{https://www2.anac.gov.br/anacpedia/por_ing/tr4487.htm}. Acesso em: 07 de Maio de 2021.},
}

@article{wikienflech,
title={Asa (aviação)},
publisher={Wikipédia, a enciclopédia livre},
year={2020},
note={Disponível em: \url{https://pt.wikipedia.org/wiki/Asa_(avia\%C3\%A7\%C3\%A3o)}. Acesso em: 07 de Maio de 2021.},
}

@article{altocomandomilitar,
title={Mikoyan-Gurevich MiG-23},
publisher={Alto Comando Militar},
year={2011},
note={Disponível em: \url{http://altocomandomilitar.blogspot.com/2011/04/mikoyan-gurevich-mig-23.html}. Acesso em: 07 de Maio de 2021.}
}

@article{fas.org,
title={MiG-23 FLOGGER YF-113},
publisher={Federation of American Scientists},
note={Disponível em: \url{https://fas.org/nuke/guide/russia/airdef/mig-23.htm}. Acesso em: 07 de Maio de 2021.},
}

@article{pilotomaster,
title={Aerodinâmica de alta velocidade},
publisher={Piloto Master},
note={Disponível em: \url{http://pilotomaster.com.br/materias/pc/aerodinamica-alta-velociadade.php}. Acesso em: 07 de Maio de 2021.},
}

@article{cavok,
title={A Geometria Variável},
author={Giordani},
note={Disponível em: \url{https://www.cavok.com.br/a-geometria-variavel}. Acesso em: 07 de Maio de 2021.},
}

@article{edrotacultural,
title={10 aviões de combate com asas de geometria variável},
publisher={Revista Asas},
year={2020},
note={Disponível em: \url{https://www.edrotacultural.com.br/10-avioes-de-combate-com-asas-de-geometria-variavel/}. Acesso em 07 de Maio de 2021.},
}

@article{aereo.jor,
title={Messerschmitt P.1101, primeiro avião com asas de geometria variável, virou o Bell X-5},
author={Alexandre Galante},
year={2019},
note={Disponível em: \url{https://bit.ly/3txmKsP}. Acesso em: 07 de Maio de 2021.},
}

@article{luftarchiv,
title={Messerschmitt P.1101},
author={Bert Hartmann},
note={Disponível em: \url{http://www.luftarchiv.de/index.htm?/flugzeuge/messerschmitt/me1101.htm}. Acesso em: 10 de Maio de 2021.}
}

@article{airway,
title={Os 50 anos do F-14 Tomcat, um dos mais icônicos caças da história},
author={Ricardo Meier},
year={2020},
note={Disponível em: \url{https://www.airway.com.br/os-50-anos-do-f-14-tomcat-um-dos-mais-iconicos-cacas-da-historia/}. Acesso em: 14 de Maio de 2021.}
}

@article{rockaircraft,
title={F-14 TOMCAT: O último "gato" da Grumman!},
author={Rene Maciel},
publisher={Rock Aircraft},
note={Disponível em: \url{https://www.rockaircraft.com/2017/06/f-14-tomcat-o-ultimo-gato-da-grumman_29.html}. Acesso em: 14 de Maio de 2021.}
}

@article{airforce,
title={Su-24M Fencer Bomber},
publisher={Airforce Technology},
note={Disponível em: \url{https://www.airforce-technology.com/projects/su24/}. Acesso em: 14 de Maio de 2021.}
}

@article{br.rbth,
title={12 curiosidades sobre o avião de ataque Su-24; veja imagens},
author={Jaime Noguera},
year={2020},
note={Disponível em: \url{https://br.rbth.com/ciencia/84452-12-curiosidades-sobre-su-24}. Acesso em: 14 de Maio de 2021.}
}

@article{defence24,
title={MiG-29 and Su-22 Jets of the Polish Air Force - Selection of the Successors To Be Launched By 2022},
author={Juliusz Sabak},
publisher={Defence24},
year={2016},
note={Disponível em: \url{https://www.defence24.com/mig-29-and-su-22-jets-of-the-polish-air-force-selection-of-the-successors-to-be-launched-by-2022}. Acesso em: 14 de Maio de 2021.}
}

@article{tradingview,
title={PBR},
publisher={Trading View},
note={Disponível em: \url{https://br.tradingview.com/chart/YEzhysog/}. Acesso em 17 de Dezembro de 2021.}
}

@article{financasyahoo,
title={PBR},
publisher={Yahoo! Finanças},
note={Disponível em: \url{https://br.financas.yahoo.com/PBR/}. Acesso em 17 de Dezembro de 2021.}
}

@article{techanal,
title={Technical Analysis},
}

@article{investopedia,
title={Advance/Decline Ratio (ADR)},
author={Will Kenton},
publisher={Investopedia},
note={Disponível em: \url{https://www.investopedia.com/terms/a/a-d-ratio-adr.asp}. Acesso em 17 de Dezembro de 2021.}
}

@article{supresnelo,
title={Suporte e resistência: entenda definitivamente estes conceitos de Análise Técnica},
author={Layonel Pinheiro},
publisher={Nelogica},
note={Disponível em: \url{https://blog.nelogica.com.br/suporte-e-resistencia-entenda-definitivamente-esses-conceitos-de-analise-tecnica/}. Acesso em 17 de Dezembro de 2021.}
}

@article{ema,
title={Médias Móveis (Simples e Exponencial), Cruzamento e Bandas de Bollinger},
publisher={Pro Educacional},
note={Disponível em: \url{https://proeducacional.com/ead/curso-cga-modulo-i/capitulos/capitulo-4/aulas/medias-moveis-simples-e-exponencial-cruzamento-bandas-de-bollinger/}. Acesso em 17 de Dezembro de 2021.}
}

@article{elliotart,
title={Como entender as Ondas de Elliott? Como funciona a teoria?},
publisher={Fast Trade},
year={2020},
note={Disponível em: \url{https://plataformafasttrade.com.br/blog/ondas-de-elliott/}. Acesso em 17 de Dezembro de 2021.}
}

@article{elliotvid,
title={Ondas de Elliott com Fibonacci e os Fractais no Mercado Financeiro},
publisher={O Cara do Mercado},
year={2020},
note={Disponível em: \url{https://www.youtube.com/watch?v=4oVYF60GcOo}. Acesso em 17 de Dezembro de 2021.}
}

@article{anatec,
title={Análise Técnica de Ações – Tudo Sobre Gráficos e Tendências},
publisher={Riconnet},
year={2021},
note={Disponível em: \url{https://riconnect.rico.com.vc/blog/analise-tecnica}. Acesso em 17 de Dezembro de 2021.}
}

@article{nelogicaLAD,
title={Linha de avanço e declínio},
publisher={Nelogica},
note={Disponível em: \url{https://www.nelogica.com.br/conhecimento/artigos/indicadores-estudo/linha-de-avanco-e-declinio}. Acesso em 17 de Dezembro de 2021.}
}

@article{livingeconomy,
title={O que é a linha de avanço-declínio?},
publisher={livingeconomyadvisors.com},
note={Disponível em: \url{https://pt.livingeconomyadvisors.com/2662-what-is-the-advance-decline-line}. Acesso em 17 de Dezembro de 2021.}
}

@article{investindonabolsa,
title={Ponto Pivot: encontre suportes e resistências},
publisher={Trading Bolsa},
note={Disponível em: \url{https://www.investimentonabolsa.com/2015/06/ponto-pivot-encontre-suportes-e.html}. Acesso em 17 de Dezembro de 2021.}
}